<record><leader>00000cas a22000007a 4500</leader><controlfield tag="001">22737878</controlfield><controlfield tag="008">901126d191619uucouuu ne      0    0eng d</controlfield><datafield ind1=" " ind2=" " tag="010"><subfield code="a">sn 90051975 </subfield></datafield><datafield ind1=" " ind2=" " tag="040"><subfield code="a">CNQ</subfield><subfield code="b">eng</subfield><subfield code="c">CNQ</subfield><subfield code="d">OCLCQ</subfield></datafield><datafield ind1=" " ind2=" " tag="042"><subfield code="a">msc</subfield></datafield><datafield ind1="0" ind2="0" tag="245"><subfield code="a">Englewood enterprise and Englewood advertiser.</subfield></datafield><datafield ind1=" " ind2=" " tag="260"><subfield code="a">Englewood, Colo. :</subfield><subfield code="b">W.B. Miles</subfield></datafield><datafield ind1=" " ind2=" " tag="300"><subfield code="a">v.</subfield></datafield><datafield ind1="1" ind2=" " tag="362"><subfield code="a">Began in Apr. 1916.</subfield></datafield><datafield ind1=" " ind2=" " tag="588"><subfield code="a">Description based on: Vol. 6, no. 30 (Apr. 22, 1916) = v. 1, no. 30.</subfield></datafield><datafield ind1=" " ind2=" " tag="752"><subfield code="a">United States</subfield><subfield code="b">Colorado</subfield><subfield code="c">Arapahoe</subfield><subfield code="d">Englewood.</subfield></datafield><datafield ind1="0" ind2="4" tag="780"><subfield code="t">Englewood enterprise (Englewood, Colo. : 1911)</subfield><subfield code="w">(DLC)sn 90051973</subfield></datafield><datafield ind1="0" ind2="4" tag="780"><subfield code="t">Englewood advertiser</subfield><subfield code="w">(DLC)sn 90051974</subfield></datafield></record>